{
  "leader": "06581cam a2200625 a 4500",
  "fields": [
    {
      "001": "ocm29565147\\"
    },
    {
      "003": "OCoLC"
    },
    {
      "005": "20230104155605.0"
    },
    {
      "008": "931213s1995\\\\\\\\nyuab\\\\\\\\b\\\\\\\\001\\0\\eng\\\\"
    },
    {
      "007": "ta"
    },
    {
      "010": {
        "ind1": "\\",
        "ind2": "\\",
        "subfields": [
          {
            "a": "   93048360 "
          }
        ]
      }
    },
    {
      "040": {
        "ind1": "\\",
        "ind2": "\\",
        "subfields": [
          {
            "a": "DLC"
          },
          {
            "b": "eng"
          },
          {
            "c": "DLC"
          },
          {
            "d": "BAKER"
          },
          {
            "d": "BTCTA"
          },
          {
            "d": "YDXCP"
          },
          {
            "d": "OCLCG"
          },
          {
            "d": "UBC"
          },
          {
            "d": "GEBAY"
          },
          {
            "d": "EUM"
          },
          {
            "d": "GBVCP"
          },
          {
            "d": "OCLCO"
          },
          {
            "d": "OCLCF"
          },
          {
            "d": "MXL"
          },
          {
            "d": "OCL"
          },
          {
            "d": "RCT"
          },
          {
            "d": "TXGAI"
          },
          {
            "d": "OCL"
          },
          {
            "d": "KKX"
          },
          {
            "d": "OCLCO"
          },
          {
            "d": "OCLCQ"
          },
          {
            "d": "OCLCO"
          },
          {
            "d": "OCLCA"
          },
          {
            "d": "ALMSI"
          },
          {
            "d": "OCLCQ"
          },
          {
            "d": "OCLCO"
          },
          {
            "d": "OCLCA"
          },
          {
            "d": "BRL"
          },
          {
            "d": "CPO"
          },
          {
            "d": "OCLCQ"
          },
          {
            "d": "OCLCO"
          },
          {
            "d": "CNMTR"
          },
          {
            "d": "OCLCO"
          }
        ]
      }
    },
    {
      "019": {
        "ind1": "\\",
        "ind2": "\\",
        "subfields": [
          {
            "a": "778992180"
          }
        ]
      }
    },
    {
      "020": {
        "ind1": "\\",
        "ind2": "\\",
        "subfields": [
          {
            "a": "0060167645"
          }
        ]
      }
    },
    {
      "020": {
        "ind1": "\\",
        "ind2": "\\",
        "subfields": [
          {
            "a": "9780060167646"
          }
        ]
      }
    },
    {
      "035": {
        "ind1": "\\",
        "ind2": "\\",
        "subfields": [
          {
            "a": "(OCoLC)29565147"
          },
          {
            "z": "(OCoLC)778992180"
          }
        ]
      }
    },
    {
      "043": {
        "ind1": "\\",
        "ind2": "\\",
        "subfields": [
          {
            "a": "sa-----"
          },
          {
            "a": "s------"
          }
        ]
      }
    },
    {
      "050": {
        "ind1": "0",
        "ind2": "0",
        "subfields": [
          {
            "a": "E748.R673"
          },
          {
            "b": "C55 1995"
          }
        ]
      }
    },
    {
      "082": {
        "ind1": "0",
        "ind2": "0",
        "subfields": [
          {
            "a": "973.925092"
          },
          {
            "b": "COL"
          }
        ]
      }
    },
    {
      "100": {
        "ind1": "1",
        "ind2": "\\",
        "subfields": [
          {
            "a": "Colby, Gerard,"
          },
          {
            "d": "1945-"
          }
        ]
      }
    },
    {
      "245": {
        "ind1": "1",
        "ind2": "0",
        "subfields": [
          {
            "a": "Thy will be done :"
          },
          {
            "b": "the conquest of the Amazon : Nelson Rockefeller and Evangelism in the age of oil /"
          },
          {
            "c": "Gerard Colby with Charlotte Dennett."
          }
        ]
      }
    },
    {
      "250": {
        "ind1": "\\",
        "ind2": "\\",
        "subfields": [
          {
            "a": "First edition."
          }
        ]
      }
    },
    {
      "260": {
        "ind1": "\\",
        "ind2": "\\",
        "subfields": [
          {
            "a": "New York, NY :"
          },
          {
            "b": "HarperCollins,"
          },
          {
            "c": "\u00a91995."
          }
        ]
      }
    },
    {
      "300": {
        "ind1": "\\",
        "ind2": "\\",
        "subfields": [
          {
            "a": "xvi, 960 pages :"
          },
          {
            "b": "illustrations, maps ;"
          },
          {
            "c": "25 cm"
          }
        ]
      }
    },
    {
      "336": {
        "ind1": "\\",
        "ind2": "\\",
        "subfields": [
          {
            "a": "text"
          },
          {
            "b": "txt"
          },
          {
            "2": "rdacontent"
          }
        ]
      }
    },
    {
      "337": {
        "ind1": "\\",
        "ind2": "\\",
        "subfields": [
          {
            "a": "unmediated"
          },
          {
            "b": "n"
          },
          {
            "2": "rdamedia"
          }
        ]
      }
    },
    {
      "338": {
        "ind1": "\\",
        "ind2": "\\",
        "subfields": [
          {
            "a": "volume"
          },
          {
            "b": "nc"
          },
          {
            "2": "rdacarrier"
          }
        ]
      }
    },
    {
      "504": {
        "ind1": "\\",
        "ind2": "\\",
        "subfields": [
          {
            "a": "Includes bibliographical references (pages 901-920) and index."
          }
        ]
      }
    },
    {
      "520": {
        "ind1": "\\",
        "ind2": "\\",
        "subfields": [
          {
            "a": "At the heart of this story are two intensely ambitious and ultimately tragic figures: Nelson Rockefeller, scion of the liberal Standard Oil family, and William Cameron Townsend, founder of the ultraconservative Wycliffe Bible Translators. Although leaders of opposing camps, both found common cause in the struggle against fascism and then communism, with ironic, fateful results. For the first time, using Rockefeller's own recently released documents, the authors reveal the secret economic side of Nelson's political career as a key adviser on Latin America to U.S. presidents from Franklin D. Roosevelt to Richard Nixon and as Gerald Ford's vice president. Thy Will Be Done explores Rockefeller's mysterious role as Dwight D. Eisenhower's liaison with the CIA, his championing of Eisenhower's nemesis, the military-industrial complex, his growing conflicts with President John F. Kennedy over Latin America, and his secret political alliance with Lyndon Johnson during that president's bitter dispute with Senator Robert Kennedy over Latin America and the Vietnam War. We see Rockefeller gathering political power and building a vast business empire in Latin America, working with the CIA, developing close friendships with famous Latin American politicians and businessmen, and increasingly advocating military dictatorships, while Townsend's missionaries are used to pacify native populations in frontiers rich in oil and rare minerals or subject to guerrilla insurgencies. Seeking to hasten the prophesied Second Coming, Townsend pursues a fanatical effort to reach every Bibleless tribe with the Word, even to the point of saving their souls by destroying their cultures and allying with the dictators who oppress them. Rockefeller and Townsend contributed more than any other Americans to the conquest of the Amazon that now threatens to destroy the \"lungs of the planet,\" the rain forests. Their systematic campaign of colonization was a chilling foretaste of American intervention in the Third World that has become so common that today we take for granted repeated forays in the name of democracy and the securing of valuable resources."
          }
        ]
      }
    },
    {
      "505": {
        "ind1": "0",
        "ind2": "\\",
        "subfields": [
          {
            "a": "I. The legacy : The Baptist burden ; The fundamentalist controversy ; Rethinking missions ; The apostolic vision ; The rites of political passage ; Good neighbors make good allies ; The Mexican tightrope -- II. World War II: the crucible : The coordinator ; The sword of the spirit ; The shining dream ; The dancer ; Preempting the Cold War ; Latin America's first Cold War coup -- III. Architects of empire : American wings over the Amazon ; The pretender at bay ; The Latin road to power ; In the wake of war -- and the CIA -- IV. Prophets of Armageddon : Ike's Cold War general ; Disarming disarmament ; Messengers of the sun ; The hidden persuaders ; The brotherhood ; Ascent of the hawk -- V. The day of the watchman : Deadly inheritance ; Building the warfare state ; Miracles deja vu ; Camelot versus Pocantico: the decline and fall of John F. Kennedy -- VI. The slaughter of the innocents : To turn a continent ; Operation Brother Sam ; Beneath the eyebrows of the jungle ; Mistaken identities ; Poisons of the Amazon ; Death of a continental revolution ; The enemy within ; Apocalypse now: the tribes of Indochina ; \"Nation-building\" through war ; Tet: the year of the monkey ; Nelson's last charge."
          }
        ]
      }
    },
    {
      "505": {
        "ind1": "0",
        "ind2": "\\",
        "subfields": [
          {
            "a": "VII. A new world order : Invasion of the Amazon ; Rocky Horror Road Show ; Forging the dollar zone ; In the age of genocide ; Critical choices ; Hiding the family jewels -- VIII. Days of judgment : SIL under siege ; The betrayal ; The great tribulation ; Thy will be done -- Appendix : The Rockefeller mission to the Americas (1969) ; Members of the Rockefeller Commission on CIA abuses (1975)."
          }
        ]
      }
    },
    {
      "600": {
        "ind1": "1",
        "ind2": "0",
        "subfields": [
          {
            "a": "Rockefeller, Nelson A."
          },
          {
            "q": "(Nelson Aldrich),"
          },
          {
            "d": "1908-1979."
          }
        ]
      }
    },
    {
      "600": {
        "ind1": "1",
        "ind2": "0",
        "subfields": [
          {
            "a": "Townsend, William Cameron,"
          },
          {
            "d": "1896-1982."
          }
        ]
      }
    },
    {
      "610": {
        "ind1": "2",
        "ind2": "0",
        "subfields": [
          {
            "a": "Wycliffe Bible Translators."
          }
        ]
      }
    },
    {
      "650": {
        "ind1": "\\",
        "ind2": "0",
        "subfields": [
          {
            "a": "Petroleum industry and trade"
          },
          {
            "z": "Amazon River Region"
          },
          {
            "x": "History"
          },
          {
            "y": "20th century."
          }
        ]
      }
    },
    {
      "650": {
        "ind1": "\\",
        "ind2": "0",
        "subfields": [
          {
            "a": "Indians of South America"
          },
          {
            "x": "Missions"
          },
          {
            "z": "Amazon River Region."
          }
        ]
      }
    },
    {
      "651": {
        "ind1": "\\",
        "ind2": "0",
        "subfields": [
          {
            "a": "South America"
          },
          {
            "x": "Politics and government"
          },
          {
            "y": "20th century."
          }
        ]
      }
    },
    {
      "651": {
        "ind1": "\\",
        "ind2": "0",
        "subfields": [
          {
            "a": "Amazon River Region"
          },
          {
            "x": "History."
          }
        ]
      }
    },
    {
      "600": {
        "ind1": "1",
        "ind2": "7",
        "subfields": [
          {
            "a": "Rockefeller, Nelson A."
          },
          {
            "q": "(Nelson Aldrich),"
          },
          {
            "d": "1908-1979."
          },
          {
            "2": "fast"
          },
          {
            "0": "(OCoLC)fst00016746"
          }
        ]
      }
    },
    {
      "600": {
        "ind1": "1",
        "ind2": "7",
        "subfields": [
          {
            "a": "Townsend, William Cameron,"
          },
          {
            "d": "1896-1982."
          },
          {
            "2": "fast"
          },
          {
            "0": "(OCoLC)fst01717059"
          }
        ]
      }
    },
    {
      "610": {
        "ind1": "2",
        "ind2": "7",
        "subfields": [
          {
            "a": "Wycliffe Bible Translators."
          },
          {
            "2": "fast"
          },
          {
            "0": "(OCoLC)fst00533753"
          }
        ]
      }
    },
    {
      "650": {
        "ind1": "\\",
        "ind2": "7",
        "subfields": [
          {
            "a": "Indians of South America"
          },
          {
            "x": "Missions."
          },
          {
            "2": "fast"
          },
          {
            "0": "(OCoLC)fst00970054"
          }
        ]
      }
    },
    {
      "650": {
        "ind1": "\\",
        "ind2": "7",
        "subfields": [
          {
            "a": "Petroleum industry and trade."
          },
          {
            "2": "fast"
          },
          {
            "0": "(OCoLC)fst01059546"
          }
        ]
      }
    },
    {
      "650": {
        "ind1": "\\",
        "ind2": "7",
        "subfields": [
          {
            "a": "Politics and government"
          },
          {
            "2": "fast"
          },
          {
            "0": "(OCoLC)fst01919741"
          }
        ]
      }
    },
    {
      "651": {
        "ind1": "\\",
        "ind2": "7",
        "subfields": [
          {
            "a": "Amazon River Region."
          },
          {
            "2": "fast"
          },
          {
            "0": "(OCoLC)fst01239764"
          }
        ]
      }
    },
    {
      "651": {
        "ind1": "\\",
        "ind2": "7",
        "subfields": [
          {
            "a": "South America."
          },
          {
            "2": "fast"
          },
          {
            "0": "(OCoLC)fst01244515"
          }
        ]
      }
    },
    {
      "648": {
        "ind1": "\\",
        "ind2": "7",
        "subfields": [
          {
            "a": "1900-1999"
          },
          {
            "2": "fast"
          }
        ]
      }
    },
    {
      "655": {
        "ind1": "\\",
        "ind2": "7",
        "subfields": [
          {
            "a": "History."
          },
          {
            "2": "fast"
          },
          {
            "0": "(OCoLC)fst01411628"
          }
        ]
      }
    },
    {
      "700": {
        "ind1": "1",
        "ind2": "\\",
        "subfields": [
          {
            "a": "Dennett, Charlotte."
          }
        ]
      }
    },
    {
      "776": {
        "ind1": "0",
        "ind2": "8",
        "subfields": [
          {
            "i": "Online version:"
          },
          {
            "a": "Colby, Gerard, 1945-"
          },
          {
            "t": "Thy will be done."
          },
          {
            "b": "1st ed."
          },
          {
            "d": "New York, NY : HarperCollins, \u00a91995"
          },
          {
            "w": "(OCoLC)609196129"
          }
        ]
      }
    },
    {
      "776": {
        "ind1": "0",
        "ind2": "8",
        "subfields": [
          {
            "i": "Online version:"
          },
          {
            "a": "Colby, Gerard, 1945-"
          },
          {
            "t": "Thy will be done."
          },
          {
            "b": "1st ed."
          },
          {
            "d": "New York, NY : HarperCollins, \u00a91995"
          },
          {
            "w": "(OCoLC)622849988"
          }
        ]
      }
    },
    {
      "994": {
        "ind1": "\\",
        "ind2": "\\",
        "subfields": [
          {
            "a": "Z0"
          },
          {
            "b": "NYRVC"
          }
        ]
      }
    },
    {
      "948": {
        "ind1": "\\",
        "ind2": "\\",
        "subfields": [
          {
            "h": "NO HOLDINGS IN NYRVC - 695 OTHER HOLDINGS"
          }
        ]
      }
    },
    {
      "999": {
        "ind1": "\\",
        "ind2": "\\",
        "subfields": [
          {
            "a": "00000000018114"
          },
          {
            "b": "Copy 1"
          }
        ]
      }
    },
    {
      "999": {
        "ind1": "\\",
        "ind2": "\\",
        "subfields": [
          {
            "a": "00000000018123"
          },
          {
            "b": "Copy 2"
          }
        ]
      }
    }
  ]
}